@book{Steve13,
        author = "S. Moore",
        title = "Applied Numerical Methods",
        year = "2014",
        pages = "279--332, 408--422",
}

@unpublished{Sayas,
        author = "J. Sayas",
        title = "A gentle introduction to the Finite Element Method",
        note = "preprint (2008), available at 
        \texttt{http://www.imati.cnr.it/marini/didattica/Metodi-engl/Intro2FEM.pdf}",
}

@book{FiniteElement1,
        author = "E. Madenci, I. Guven",
        title = "The Finite Element Method and Applications in Engineering",
        publisher = "Springer",
        address = "233 SpringStreet,NewYork,NY",
        year = "2006",
}

@online{HybridP,
        author = "P.Fr. Lavallée, P. Wautelet",
        title = "Hybrid MPI-OpenMP Programming",
        year = "2013",
		note = "available at 
        $\texttt{http://www.idris.fr/data/cours/hybride/form\_hybride\_en\_proj.pdf}$",
}

